@book{haykin2001redes,
	title={Redes Neurais - 2ed.},
	author={HAYKIN, S.S.},
	isbn={9788573077186},
	url={https://books.google.com.br/books?id=lBp0X5qfyjUC},
	year={2001},
	publisher={BOOKMAN COMPANHIA ED}
}


